@article{ICHEPstop0L,
			author         = "{{The ATLAS Collaboration}}",
			title          = "{Search for the Supersymmetric Partner of the Top Quark
												in the Jets+\met\ Final State at $\sqrt{s} = 13$ TeV}",
			% collaboration  = "ATLAS",
			year           = "2016",
			reportNumber   = "ATLAS-CONF-2016-077",
			SLACcitation   = "%%CITATION = ATLAS-CONF-2016-077;%%"
}

@article{stop0L,
			author         = "{{The ATLAS Collaboration}}",
			title          = "{Search for a scalar partner of the top quark in the jets
												plus missing transverse momentum final state at
												$\sqrt{s}$=13 TeV with the ATLAS detector}",
			% collaboration  = "ATLAS",
			journal        = "JHEP",
			volume         = "12",
			year           = "2017",
			pages          = "085",
			doi            = "10.1007/JHEP12(2017)085",
			eprint         = "1709.04183",
			archivePrefix  = "arXiv",
			primaryClass   = "hep-ex",
			reportNumber   = "CERN-EP-2017-162",
			SLACcitation   = "%%CITATION = ARXIV:1709.04183;%%"
}

@article{Miano:2016oty,
			author         = {{F. Miano for the ATLAS Collaboration}},
			title          = "{The design and performance of the ATLAS Inner Detector
												trigger for Run 2 LHC collisions at $\sqrt{s} =$ 13 TeV}",
			booktitle      = "{Proceedings, 38th International Conference on High Energy Physics (ICHEP 2016): Chicago, IL, USA, August
												3-10, 2016}",
			journal        = "PoS",
			volume         = "ICHEP2016",
			year           = "2016",
			pages          = "856",
			SLACcitation   = "%%CITATION = POSCI,ICHEP2016,856;%%"
}
	
@article{DMhf,
			author         = "{{The ATLAS Collaboration}}",
			title          = "{Search for dark matter produced in association with
												bottom or top quarks in $\sqrt{s}$ = 13 TeV pp collisions
												with the ATLAS detector}",
			% collaboration  = "ATLAS",
			year           = "2017",
			eprint         = "1710.11412",
			archivePrefix  = "arXiv",
			primaryClass   = "hep-ex",
			reportNumber   = "CERN-EP-2017-229",
			SLACcitation   = "%%CITATION = ARXIV:1710.11412;%%"
}

@article{ATLASTrigger2015,
			author         = {{The ATLAS Collaboration}},
			title          = "{Performance of the ATLAS Trigger System in 2015}",
			journal        = "Eur. Phys. J.",
			volume         = "C77",
			year           = "2017",
			eprint         = "1611.09661",
			archivePrefix  = "arXiv",
			primaryClass   = "hep-ex",
			reportNumber   = "CERN-EP-2016-241"
}